@book{ramirez2007,
  author = {Ramírez, F. O. P.},
  title = {Introducción a las series de tiempo. Métodos paramétricos},
  publisher = {Universidad de Medellín},
  year = {2007}
}

@article{bommer1998,
  author = {Bommer, J. and Salazar, W. and Samayoa, R.},
  title = {Riesgo sísmico en la región metropolitana de San Salvador},
  journal = {Programa Salvadoreño de Investigación sobre Desarrollo y Medio Ambiente (PRISMA)},
  year = {1998}
}

@phdthesis{bonett2003,
  author = {Bonett Díaz, R. L.},
  title = {Vulnerabilidad y riesgo sísmico de edificios. Aplicación a entornos urbanos en zonas de amenaza alta y moderada},
  school = {Universitat Politècnica de Catalunya},
  year = {2003}
}

@article{zhu2018,
  author = {Zhu, M. and McKenna, F. and Scott, M. H.},
  title = {OpenSeesPy: Python library for the OpenSees finite element framework},
  journal = {SoftwareX},
  volume = {7},
  pages = {6-11},
  year = {2018}
}

@phdthesis{hanganu1997,
  author = {Hanganu, D. A.},
  title = {Análisis no lineal estático y dinámico de estructuras de hormigón armado mediante modelos de daño},
  school = {Universitat Politècnica de Catalunya (UPC)},
  year = {1997}
}

@misc{mckenna2010,
  author = {McKenna, F. and Fenves, G. and Filippou, F.},
  title = {OpenSees},
  note = {University of California, Berkeley: nd},
  year = {2010}
}

@article{challenger2014,
  author = {Challenger-Pérez, I. and Díaz-Ricardo, Y. and Becerra-García, R. A.},
  title = {El lenguaje de programación Python},
  journal = {Ciencias Holguín},
  volume = {20},
  number = {2},
  pages = {1-13},
  year = {2014}
}

@book{choi2006,
  author = {Choi, S. K. and Grandhi, R. and Canfield, R. A.},
  title = {Reliability-based structural design},
  publisher = {Springer Science \& Business Media},
  year = {2006}
}
